@article{bolton2008pubchem,
  title={PubChem: integrated platform of small molecules and biological activities},
  author={Bolton, Evan E and Wang, Yanli and Thiessen, Paul A and Bryant, Stephen H},
  journal={Annual reports in computational chemistry},
  volume={4},
  pages={217--241},
  year={2008},
  publisher={Elsevier}
}

@article{huang2006benchmarking,
  title={Benchmarking sets for molecular docking},
  author={Huang, Niu and Shoichet, Brian K and Irwin, John J},
  journal={Journal of medicinal chemistry},
  volume={49},
  number={23},
  pages={6789--6801},
  year={2006},
  publisher={ACS Publications}
}
@incollection{napolitano2014adaptive,
  title={An Adaptive Reference Point Approach to Efficiently Search Large Chemical Databases},
  author={Napolitano, Francesco and Tagliaferri, Roberto and Baldi, Pierre},
  booktitle={Recent Advances of Neural Network Models and Applications},
  pages={63--74},
  year={2014},
  publisher={Springer}
}
@inproceedings{klein2011ct,
  title={CT-index: Fingerprint-based graph indexing combining cycles and trees},
  author={Klein, Karsten and Kriege, Nils and Mutzel, Petra},
  booktitle={Data Engineering (ICDE), 2011 IEEE 27th International Conference on},
  pages={1115--1126},
  year={2011},
  organization={IEEE}
}
@article{nasr2012speeding,
  title={Speeding up chemical searches using the inverted index: The convergence of chemoinformatics and text search methods},
  author={Nasr, Ramzi and Vernica, Rares and Li, Chen and Baldi, Pierre},
  journal={Journal of chemical information and modeling},
  volume={52},
  number={4},
  pages={891--900},
  year={2012},
  publisher={ACS Publications}
}

@article{thiel2014blocked,
  title={Blocked Inverted Indices for Exact Clustering of Large Chemical Spaces},
  author={Thiel, Philipp and Sach-Peltason, Lisa and Ottmann, Christian and Kohlbacher, Oliver},
  journal={Journal of chemical information and modeling},
  volume={54},
  number={9},
  pages={2395--2401},
  year={2014},
  publisher={ACS Publications}
}
@article{lipkus1999proof,
  title={A proof of the triangle inequality for the Tanimoto distance},
  author={Lipkus, Alan H},
  journal={Journal of Mathematical Chemistry},
  volume={26},
  number={1-3},
  pages={263--265},
  year={1999},
  publisher={Springer}
}
@incollection{metwally2005efficient,
  title={Efficient computation of frequent and top-k elements in data streams},
  author={Metwally, Ahmed and Agrawal, Divyakant and El Abbadi, Amr},
  booktitle={Database Theory-ICDT 2005},
  pages={398--412},
  year={2005},
  publisher={Springer}
}
@article{baldi2007lossless,
  title={Lossless compression of chemical fingerprints using integer entropy codes improves storage and retrieval},
  author={Baldi, Pierre and Benz, Ryan W and Hirschberg, Daniel S and Swamidass, S Joshua},
  journal={Journal of chemical information and modeling},
  volume={47},
  number={6},
  pages={2098--2109},
  year={2007},
  publisher={ACS Publications}
}

@article{willett2006similarity,
  title={Similarity-based virtual screening using 2D fingerprints},
  author={Willett, Peter},
  journal={Drug discovery today},
  volume={11},
  number={23},
  pages={1046--1053},
  year={2006},
  publisher={Elsevier}
}
@article{fligner2002modification,
  title={A modification of the Jaccard--Tanimoto similarity index for diverse selection of chemical compounds using binary strings},
  author={Fligner, Michael A and Verducci, Joseph S and Blower, Paul E},
  journal={Technometrics},
  volume={44},
  number={2},
  pages={110--119},
  year={2002},
  publisher={Taylor \& Francis}
}
@article{james2007daylight,
  title={Daylight theory manual. 2004},
  author={James, CA and Weininger, D and Delany, J},
  journal={URL http://www. daylight. com/dayhtml/doc/theory/theory. toc. html},
  year={2007}
}
@book{alvarez2005virtual,
  title={Virtual screening in drug discovery},
  author={Alvarez, Juan and Shoichet, Brian},
  year={2005},
  publisher={CRC press}
}

@article{swamidass2007bounds,
  title={Bounds and algorithms for fast exact searches of chemical fingerprints in linear and sublinear time},
  author={Swamidass, S Joshua and Baldi, Pierre},
  journal={Journal of chemical information and modeling},
  volume={47},
  number={2},
  pages={302--317},
  year={2007},
  publisher={ACS Publications}
}
@article{nasr2010hashing,
  title={Hashing algorithms and data structures for rapid searches of fingerprint vectors},
  author={Nasr, Ramzi and Hirschberg, Daniel S and Baldi, Pierre},
  journal={Journal of chemical information and modeling},
  volume={50},
  number={8},
  pages={1358--1368},
  year={2010},
  publisher={ACS Publications}
}
@inproceedings{aung2010indexing,
  title={An indexing scheme for fast and accurate chemical fingerprint database searching},
  author={Aung, Zeyar and Ng, See-Kiong},
  booktitle={Scientific and Statistical Database Management},
  pages={288--305},
  year={2010},
  organization={Springer}
}
@article{aung2007rapid,
  title={Rapid retrieval of protein structures from databases},
  author={Aung, Zeyar and Tan, Kian-Lee},
  journal={Drug discovery today},
  volume={12},
  number={17},
  pages={732--739},
  year={2007},
  publisher={Elsevier}
}
@inproceedings{ciaccia1997indexing,
  title={Indexing Metric Spaces with M-Tree.},
  author={Ciaccia, Paolo and Patella, Marco and Rabitti, Fausto and Zezula, Pavel},
  booktitle={SEBD},
  volume={97},
  pages={67--86},
  year={1997}
}
@article{ciaccia2002searching,
  title={Searching in metric spaces with user-defined and approximate distances},
  author={Ciaccia, Paolo and Patella, Marco},
  journal={ACM Transactions on Database Systems (TODS)},
  volume={27},
  number={4},
  pages={398--437},
  year={2002},
  publisher={ACM}
}
